@incollection{gildea2018reconstructing,
    author = "Gildea, Spike",
    editor = "Overall, Simon E. and Vallejos, Rosa and Gildea, Spike",
    address = "Amsterdam",
    booktitle = "Nonverbal predication in Amazonian languages",
    pages = "365–402",
    publisher = "John Benjamins",
    title = "Reconstructing the copula and nonverbal predicate constructions in Cariban",
    year = "2018"
}

@incollection{koehn1986apalai,
    author = "Koehn, Edward and Koehn, Sally",
    editor = "Derbyshire, Desmond C. and Pullum, Geoffrey K.",
    address = "Berlin/New York",
    booktitle = "Handbook of Amazonian Languages",
    keywords = "apalai,grammar",
    pages = "33–127",
    publisher = "Mouton de Gruyter",
    title = "Apalai",
    volume = "1",
    year = "1986"
}
