@unpublished{caceres2016negation,
    author = {Cáceres, Natalia},
    address = {Universidad Nacional de Colombia, Leticia, Colombia},
    note = {Presentation given at Estructura de las Lenguas Amazónicas VI},
    title = {Nominal negation in Cariban},
    year = {2016}
}

@book{gildea1998,
    author = {Gildea, Spike},
    address = {Oxford},
    keywords = {proto-carib},
    publisher = {Oxford University Press},
    title = {On reconstructing grammar: Comparative Cariban morphosyntax},
    year = {1998}
}

@article{gildea2004classification,
    author = {Gildea, Spike},
    journal = {Amerindia},
    keywords = {overview},
    number = {28},
    pages = {7–32},
    title = {Proposing a new branch for the Cariban language family},
    year = {2003}
}

@unpublished{gildea2015venezuelan,
    author = {Gildea, Spike},
    institution = {Université de Lyon},
    note = {Paper presented at the Working Conference on Venezuelan Cariban Languages},
    title = {15 years later: Current Perspectives on the Venezuelan Branch Hypothesis},
    url = {https://www.academia.edu/30561529/15\_years\_later\_Current\_Perspectives\_on\_the\_Venezuelan\_Branch\_Hypothesis},
    urldate = {2018-10-15},
    year = {2015}
}

@unpublished{gildea2016negation,
    author = {Gildea, Spike and Meira, Sérgio},
    address = {Universidad Nacional de Colombia en Amazonia, Leticia},
    note = {Talk held at Amazónicas VI},
    title = {A Comparative survey of Verbal Negation in the Cariban Family},
    year = {2016}
}

@incollection{gildea2018reconstructing,
    author = {Gildea, Spike},
    editor = {Overall, Simon E. and Vallejos, Rosa and Gildea, Spike},
    address = {Amsterdam},
    booktitle = {Nonverbal predication in Amazonian languages},
    pages = {365–402},
    publisher = {John Benjamins},
    title = {Reconstructing the copula and nonverbal predicate constructions in Cariban},
    year = {2018}
}

@incollection{koehn1986apalai,
    author = {Koehn, Edward and Koehn, Sally},
    editor = {Derbyshire, Desmond C. and Pullum, Geoffrey K.},
    address = {Berlin/New York},
    booktitle = {Handbook of Amazonian Languages},
    keywords = {apalai,grammar},
    pages = {33–127},
    publisher = {Mouton de Gruyter},
    title = {Apalai},
    volume = {1},
    year = {1986}
}

@inproceedings{mattei2002busca,
    author = {Mattéi-Müller, Marie-Claude},
    editor = {Cabral, Ana Suelly Arruda Câmara and Rodrigues, Aryon D.},
    address = {Belém},
    booktitle = {Línguas indígenas Brasileiras: fonologia, gramática e história},
    note = {Atas do I Encontro Internacional do Grupo de Trabalho sobre Línguas Indígenas da ANPOLL},
    pages = {37–53},
    publisher = {EDUFPA},
    title = {En busca de criterios clasificatorios para la Familia Caribe},
    volumes = {2},
    year = {2002}
}

@misc{matter2022uniparser,
    author = {Matter, Florian},
    doi = {10.5281/zenodo.6510180},
    title = {uniparser-yawarana},
    url = {https://doi.org/10.5281/zenodo.6510180},
    year = {2022}
}

@article{mattiola2020pluractional,
    author = {Mattiola, Simone and Gildea, Spike},
    keywords = {kapon},
    note = {ms},
    title = {The pluractional marker -pödï of Akawaio (Cariban) and beyond},
    year = {under review}
}

@article{mendez1959yawarana,
    author = {Méndez-Arocha, Alberto},
    journal = {Antropológica},
    keywords = {yawarana},
    pages = {65–84},
    title = {Un vocabulario Yabarana con Apuntes Fonéticos},
    volume = {7},
    year = {1959}
}

@unpublished{muller2021yawarana,
    author = {Mattéi-Müller, Marie-Claude and Cáceres Arandia, Natalia},
    note = {Flex project with 3583 lexical entries. Database in the author's possession.},
    title = {Yawarana dictionary},
    year = {2023}
}

@phdthesis{triomeira1999,
    author = {Meira, Sérgio},
    institution = {Rice University},
    keywords = {trio,grammar},
    title = {A Grammar of Tiriyó},
    year = {1999}
}

@book{dixon2010basic,
    author = {Dixon, Robert M. W.},
    address = {Oxford},
    publisher = {Oxford University Press},
    title = {Basic linguistic theory volume 2: Grammatical topics},
    volume = {2},
    year = {2010}
}
